<record><leader>00000cas a22000007a 4500</leader><controlfield tag="001">16000794</controlfield><controlfield tag="008">870619d18871920iauwr ne      0    0eng d</controlfield><datafield ind1=" " ind2=" " tag="010"><subfield code="a">sn 87058369 </subfield></datafield><datafield ind1=" " ind2=" " tag="040"><subfield code="a">INP</subfield><subfield code="b">eng</subfield><subfield code="c">INP</subfield><subfield code="d">OCLCQ</subfield></datafield><datafield ind1=" " ind2=" " tag="042"><subfield code="a">msc</subfield></datafield><datafield ind1="0" ind2=" " tag="130"><subfield code="a">Earlville phoenix (Earlville, Iowa : 1887)</subfield></datafield><datafield ind1="1" ind2="4" tag="245"><subfield code="a">The Earlville phoenix.</subfield></datafield><datafield ind1=" " ind2=" " tag="260"><subfield code="a">Earlville, Iowa :</subfield><subfield code="b">Chas. E. MacCanon</subfield></datafield><datafield ind1=" " ind2=" " tag="300"><subfield code="a">v.</subfield></datafield><datafield ind1=" " ind2=" " tag="310"><subfield code="a">Weekly</subfield></datafield><datafield ind1="1" ind2=" " tag="362"><subfield code="a">Began in 1887; ceased in 1920?</subfield></datafield><datafield ind1=" " ind2=" " tag="500"><subfield code="a">Publisher varies.</subfield></datafield><datafield ind1=" " ind2=" " tag="588"><subfield code="a">Description based on: Vol. 3, no. 15 (Nov. 22, 1889).</subfield></datafield><datafield ind1=" " ind2=" " tag="752"><subfield code="a">United States</subfield><subfield code="b">Iowa</subfield><subfield code="c">Delaware</subfield><subfield code="d">Earlville.</subfield></datafield><datafield ind1="0" ind2=" " tag="775"><subfield code="t">Colesburg clipper</subfield></datafield><datafield ind1="0" ind2=" " tag="775"><subfield code="t">Monitor (Delhi, Iowa)</subfield></datafield><datafield ind1="0" ind2=" " tag="775"><subfield code="t">Ryan rustler</subfield></datafield><datafield ind1="0" ind2=" " tag="775"><subfield code="t">Motor (Masonville, Iowa)</subfield></datafield><datafield ind1="0" ind2="0" tag="780"><subfield code="t">Earlville graphic</subfield><subfield code="w">(DLC)sn 87058368</subfield></datafield></record>